/home/march/science/music/references/references-index.bib